@book{elo1978rating,
  title={The rating of chessplayers, past and present},
  author={Elo, Arpad E},
  year={1978},
  publisher={Arco Pub.}
}

@inproceedings{paszke2017automatic,
  title={Automatic Differentiation in {PyTorch}},
  author={Paszke, Adam and Gross, Sam and Chintala, Soumith and Chanan, Gregory and Yang, Edward and DeVito, Zachary and Lin, Zeming and Desmaison, Alban and Antiga, Luca and Lerer, Adam},
  booktitle={NIPS Autodiff Workshop},
  year={2017}
}

@Misc{jones2001,
  author =    {Eric Jones and Travis Oliphant and Pearu Peterson and others},
  title =     {{SciPy}: Open source scientific tools for {Python}},
  year =      {2001--},
  url = "http://www.scipy.org/",
  note = {[Online; accessed 24/08/2019]}
}

@book{van1995python, 
  title={Python tutorial}, 
  author={Van Rossum, Guido and Drake Jr, Fred L}, 
  year={1995}, 
  publisher={Centrum voor Wiskunde en Informatica Amsterdam, The Netherlands} 
}

@article{cohen2017emnist,
  title={EMNIST: an extension of MNIST to handwritten letters},
  author={Cohen, Gregory and Afshar, Saeed and Tapson, Jonathan and van Schaik, Andr{\'e}},
  journal={arXiv preprint arXiv:1702.05373},
  year={2017}
}